@inproceedings{park2013efficient,
  title={An efficient mapreduce algorithm for counting triangles in a very large graph},
  author={Park, Ha-Myung and Chung, Chin-Wan},
  booktitle={Proceedings of the 22nd ACM international conference on Information \& Knowledge Management},
  pages={539--548},
  year={2013}
}

@inproceedings{suri2011counting,
  title={Counting triangles and the curse of the last reducer},
  author={Suri, Siddharth and Vassilvitskii, Sergei},
  booktitle={Proceedings of the 20th international conference on World wide web},
  pages={607--614},
  year={2011}
}
